<?xml version="1.0" encoding="UTF-8"?><record xmlns="http://www.loc.gov/MARC21/slim" xmlns:cinclude="http://apache.org/cocoon/include/1.0" xmlns:zs="http://www.loc.gov/zing/srw/">
  <leader>01170cz  a2200193n  4500</leader>
  <controlfield tag="001">n  83005967 </controlfield>
  <controlfield tag="003">DLC</controlfield>
  <controlfield tag="005">20081018075340.0</controlfield>
  <controlfield tag="008">830531n| acannaab           |a aaa      </controlfield>
  <datafield tag="010" ind1=" " ind2=" ">
    <subfield code="a">n  83005967 </subfield>
    <subfield code="z">n  82226520 </subfield>
  </datafield>
  <datafield tag="040" ind1=" " ind2=" ">
    <subfield code="a">DLC</subfield>
    <subfield code="c">DLC</subfield>
    <subfield code="d">DLC</subfield>
  </datafield>
  <datafield tag="100" ind1="1" ind2=" ">
    <subfield code="a">Mercer, James W.</subfield>
  </datafield>
  <datafield tag="400" ind1="1" ind2=" ">
    <subfield code="a">Mercer, J. W.</subfield>
    <subfield code="q">(James W.)</subfield>
  </datafield>
  <datafield tag="670" ind1=" " ind2=" ">
    <subfield code="a">Role of the unsaturated zone in radioactive and hazardous waste disposal, c1983 (a.e.)</subfield>
    <subfield code="b">t.p. (James W. Mercer) p. iv (Ph. D., Univ. of Ill. in 1973, geology; pres., GeoTrans, Inc.; assoc. prof., G.W. Univ.)</subfield>
  </datafield>
  <datafield tag="670" ind1=" " ind2=" ">
    <subfield code="a">Thomas, S.D. A summary of repository siting models, 1982:</subfield>
    <subfield code="b">(J.W. Mercer)</subfield>
  </datafield>
  <datafield tag="670" ind1=" " ind2=" ">
    <subfield code="a">Digital dissertations, Oct. 17, 2008</subfield>
    <subfield code="b">(Mercer, James Wayne, Ph. D., University of Illinois at Urbana-Champaign, 1973--Finite-element approach to the modeling of hydrothermal systems)</subfield>
  </datafield>
  <datafield tag="670" ind1=" " ind2=" ">
    <subfield code="a">BGMI, Oct. 17, 2008</subfield>
    <subfield code="b">(Mercer, James Wayne (1947-))</subfield>
  </datafield>
  <datafield tag="670" ind1=" " ind2=" ">
    <subfield code="a">Biog. resource center, Oct. 17, 2008</subfield>
    <subfield code="b">(Mercer, James Wayne; b. Dec. 23, 1947, Panama City, Fla.; vpres &amp; prin., Geo Trans, Inc., Sterling, Va., 2007- )</subfield>
  </datafield>
  <datafield tag="670" ind1=" " ind2=" ">
    <subfield code="a">GeoTrans, Inc., people, Web site, Oct. 17, 2008</subfield>
    <subfield code="b">(James W. Mercer, Ph.D., P.G.; exec. VP/prin. hydrogeologist)</subfield>
  </datafield>
</record>